@misc{wikiMqtt,
  author = {Wikipedia},
  title = {{MQTT - Funktionsweise}},
  note = {\url{https://de.wikipedia.org/wiki/MQTT}, Aufruf-Datum: 26.02.2018},
  year = {2018}
}